@article{clue,
  title={Getting a CLUE: A Method for Explaining Uncertainty Estimates},
  author={Javier Antor'an and Umang Bhatt and Tameem Adel and Adrian Weller and Jos{\'e} Miguel Hern{\'a}ndez-Lobato},
  journal={ArXiv},
  year={2020},
  volume={abs/2006.06848},
  url={https://api.semanticscholar.org/CorpusID:219636236}
}